Date,Gross sales,Refunds,Discounts,Net sales,Cost of goods,Gross profit,Margin,Taxes
6/5/25,14422.00,0.00,53.90,14368.10,5148.11,9219.99,64.17%,0.00
6/4/25,13726.00,0.00,16.00,13710.00,4761.25,8948.75,65.27%,0.00
6/3/25,21341.00,0.00,59.80,21281.20,7430.07,13851.13,65.09%,0.00
6/2/25,15519.00,0.00,127.30,15391.70,5127.15,10264.55,66.69%,0.00
6/1/25,21339.00,0.00,75.90,21263.10,6764.75,14498.35,68.19%,0.00
5/31/25,18547.00,0.00,136.80,18410.20,6168.16,12242.04,66.50%,0.00
5/30/25,16637.00,0.00,0.00,16637.00,5269.49,11367.51,68.33%,0.00
5/29/25,15758.00,160.00,81.00,15517.00,5159.94,10357.06,66.75%,0.00
5/28/25,19567.00,0.00,0.00,19567.00,6128.78,13438.22,68.68%,0.00
5/27/25,17554.00,0.00,70.90,17483.10,5698.06,11785.04,67.41%,0.00
5/26/25,28664.00,220.00,87.80,28356.20,9572.66,18783.54,66.24%,0.00
5/25/25,20772.00,0.00,0.00,20772.00,6669.02,14102.98,67.89%,0.00
5/24/25,25497.00,1336.00,142.80,24018.20,8083.45,15934.75,66.34%,0.00
5/23/25,23411.00,0.00,38.00,23373.00,7312.13,16060.87,68.72%,0.00
5/22/25,30562.00,2852.00,86.00,27624.00,8722.31,18901.69,68.42%,0.00
5/21/25,17609.00,0.00,40.00,17569.00,5939.51,11629.49,66.19%,0.00
5/20/25,24337.00,628.00,48.00,23661.00,7774.82,15886.18,67.14%,0.00
5/19/25,17236.00,440.00,79.00,16717.00,5740.05,10976.95,65.66%,0.00
5/18/25,24063.00,0.00,85.80,23977.20,7503.55,16473.65,68.71%,0.00
5/17/25,27200.00,529.00,123.00,26548.00,9180.12,17367.88,65.42%,0.00
5/16/25,18502.00,0.00,74.90,18427.10,6232.86,12194.24,66.18%,0.00
5/15/25,21804.00,0.00,38.00,21766.00,7510.74,14255.26,65.49%,0.00
5/14/25,19570.00,0.00,56.00,19514.00,6590.60,12923.40,66.23%,0.00
5/13/25,12590.00,0.00,22.00,12568.00,4268.07,8299.93,66.04%,0.00
5/12/25,21658.00,0.00,116.80,21541.20,7393.34,14147.86,65.68%,0.00
5/11/25,21132.00,359.00,41.00,20732.00,6852.76,13879.24,66.95%,0.00
5/10/25,17483.00,0.00,0.00,17483.00,5746.97,11736.03,67.13%,0.00
5/9/25,19038.00,0.00,21.90,19016.10,6538.09,12478.01,65.62%,0.00
5/8/25,17524.00,0.00,52.00,17472.00,5527.09,11944.91,68.37%,0.00
5/7/25,16262.00,99.00,38.00,16125.00,5529.97,10595.03,65.71%,0.00
5/6/25,22362.00,219.00,0.00,22143.00,7298.66,14844.34,67.04%,0.00
5/5/25,23100.00,599.00,214.60,22286.40,7661.57,14624.83,65.62%,0.00
5/4/25,17392.00,0.00,35.00,17357.00,5601.50,11755.50,67.73%,0.00
5/3/25,16296.00,259.00,73.90,15963.10,5570.29,10392.81,65.11%,0.00
5/2/25,21062.00,140.00,0.00,20922.00,7170.91,13751.09,65.73%,0.00
5/1/25,15055.00,170.00,0.00,14885.00,4930.59,9954.41,66.88%,0.00
4/30/25,25373.00,358.00,96.90,24918.10,8532.56,16385.54,65.76%,0.00
4/29/25,18053.00,197.00,37.90,17818.10,5855.79,11962.31,67.14%,0.00
4/28/25,22976.00,896.00,25.90,22054.10,7795.43,14258.67,64.65%,0.00
4/27/25,21283.00,429.00,0.00,20854.00,6728.70,14125.30,67.73%,0.00
4/26/25,20188.00,276.00,24.00,19888.00,5708.05,14179.95,71.30%,0.00
4/25/25,21037.00,0.00,21.90,21015.10,5847.17,15167.93,72.18%,0.00
4/24/25,16738.00,0.00,36.00,16702.00,4104.08,12597.92,75.43%,0.00
4/23/25,22129.00,0.00,24.00,22105.00,6449.17,15655.83,70.82%,0.00
4/22/25,23240.00,1076.00,113.80,22050.20,6561.54,15488.66,70.24%,0.00
4/21/25,24654.00,0.00,96.90,24557.10,3303.77,21253.33,86.55%,0.00
4/20/25,28698.00,0.00,123.00,28575.00,6552.41,22022.59,77.07%,0.00
4/19/25,25002.00,0.00,22.00,24980.00,5460.45,19519.55,78.14%,0.00
4/18/25,20321.00,0.00,333.30,19987.70,3428.25,16559.45,82.85%,0.00
4/17/25,24473.00,0.00,137.80,24335.20,5164.41,19170.79,78.78%,0.00
4/16/25,29367.00,240.00,112.80,29014.20,7656.44,21357.76,73.61%,0.00
4/15/25,0.00,0.00,0.00,0.00,0.00,0.00,0.00%,0.00
4/14/25,18047.00,250.00,124.00,17673.00,3546.88,14126.12,79.93%,0.00
4/13/25,34757.00,0.00,41.00,34716.00,7837.56,26878.44,77.42%,0.00
4/12/25,22723.00,0.00,48.90,22674.10,4064.52,18609.58,82.07%,0.00
4/11/25,25020.00,787.00,43.80,24189.20,4898.51,19290.69,79.75%,0.00
4/10/25,20929.00,0.00,0.00,20929.00,3858.91,17070.09,81.56%,0.00
4/9/25,29423.00,640.00,28.00,28755.00,6015.25,22739.75,79.08%,0.00
4/8/25,24641.00,319.00,115.80,24206.20,5287.80,18918.40,78.16%,0.00
4/7/25,25981.00,0.00,0.00,25981.00,6143.75,19837.25,76.35%,0.00
4/6/25,26277.00,0.00,145.70,26131.30,5467.71,20663.59,79.08%,0.00
4/5/25,24897.00,1586.00,93.80,23217.20,4240.94,18976.26,81.73%,0.00
4/4/25,20410.00,0.00,44.00,20366.00,3964.04,16401.96,80.54%,0.00
4/3/25,23600.00,1217.00,123.80,22259.20,4648.11,17611.09,79.12%,0.00
4/2/25,24732.00,0.00,184.70,24547.30,5028.19,19519.11,79.52%,0.00
4/1/25,23669.00,646.00,0.00,23023.00,4894.79,18128.21,78.74%,0.00
3/31/25,30565.00,0.00,22.00,30543.00,6958.69,23584.31,77.22%,0.00
3/30/25,22665.00,319.00,41.00,22305.00,4086.30,18218.70,81.68%,0.00
3/29/25,24959.00,0.00,61.90,24897.10,5757.68,19139.42,76.87%,0.00
3/28/25,25702.00,0.00,0.00,25702.00,3771.38,21930.62,85.33%,0.00
3/27/25,26166.00,0.00,87.00,26079.00,5789.88,20289.12,77.80%,0.00
3/26/25,25921.00,0.00,0.00,25921.00,5592.44,20328.56,78.43%,0.00
3/25/25,34222.00,140.00,0.00,34082.00,6899.62,27182.38,79.76%,0.00
3/24/25,26961.00,0.00,29.90,26931.10,5718.30,21212.80,78.77%,0.00
3/23/25,29113.00,0.00,0.00,29113.00,4908.12,24204.88,83.14%,0.00
3/22/25,27131.00,990.00,89.00,26052.00,5887.60,20164.40,77.40%,0.00
3/21/25,16688.00,0.00,50.00,16638.00,2791.00,13847.00,83.23%,0.00
3/20/25,34749.00,0.00,0.00,34749.00,7486.86,27262.14,78.45%,0.00
3/19/25,28415.00,0.00,0.00,28415.00,6219.01,22195.99,78.11%,0.00
3/18/25,31428.00,977.00,0.00,30451.00,5813.25,24637.75,80.91%,0.00
3/17/25,41101.00,3304.00,18.00,37779.00,8510.94,29268.06,77.47%,0.00
3/16/25,38601.00,1439.00,100.90,37061.10,7704.64,29356.46,79.21%,0.00
3/15/25,0.00,0.00,0.00,0.00,0.00,0.00,0.00%,0.00
3/14/25,29644.00,0.00,41.00,29603.00,5015.48,24587.52,83.06%,0.00
3/13/25,27799.00,708.00,0.00,27091.00,6077.97,21013.03,77.56%,0.00
3/12/25,36199.00,438.00,65.70,35695.30,7407.61,28287.69,79.25%,0.00
3/11/25,0.00,0.00,0.00,0.00,0.00,0.00,0.00%,0.00
3/10/25,28220.00,0.00,129.00,28091.00,4466.16,23624.84,84.10%,0.00
3/9/25,39878.00,220.00,11.90,39646.10,9615.81,30030.29,75.75%,0.00
3/8/25,28785.00,658.00,29.90,28097.10,5815.57,22281.53,79.30%,0.00
3/7/25,27577.00,0.00,59.90,27517.10,6876.46,20640.64,75.01%,0.00
3/6/25,19740.00,0.00,0.00,19740.00,4017.87,15722.13,79.65%,0.00
3/5/25,26901.00,0.00,0.00,26901.00,6219.40,20681.60,76.88%,0.00
3/4/25,21620.00,587.00,0.00,21033.00,3805.14,17227.86,81.91%,0.00
3/3/25,30114.00,717.00,75.90,29321.10,6938.09,22383.01,76.34%,0.00
3/2/25,34300.00,729.00,41.00,33530.00,6641.46,26888.54,80.19%,0.00
3/1/25,25262.00,379.00,29.00,24854.00,5689.28,19164.72,77.11%,0.00
2/28/25,31422.00,514.00,98.90,30809.10,5976.31,24832.79,80.60%,0.00
2/27/25,29854.00,458.00,95.60,29300.40,5764.81,23535.59,80.33%,0.00
2/26/25,26469.00,459.00,14.00,25996.00,5179.22,20816.78,80.08%,0.00
2/25/25,21606.00,1795.00,24.00,19787.00,3176.54,16610.46,83.95%,0.00
2/24/25,21670.00,0.00,22.00,21648.00,4626.67,17021.33,78.63%,0.00
2/23/25,27583.00,878.00,67.00,26638.00,4030.03,22607.97,84.87%,0.00
2/22/25,29531.00,1417.00,125.90,27988.10,4690.98,23297.12,83.24%,0.00
2/21/25,18292.00,0.00,18.00,18274.00,3365.10,14908.90,81.59%,0.00
2/20/25,28591.00,0.00,92.80,28498.20,4182.80,24315.40,85.32%,0.00
2/19/25,24396.00,340.00,0.00,24056.00,4724.07,19331.93,80.36%,0.00
2/18/25,31537.00,0.00,41.00,31496.00,5760.53,25735.47,81.71%,0.00
2/17/25,29778.00,1396.00,40.00,28342.00,3561.69,24780.31,87.43%,0.00
2/16/25,24764.00,479.00,0.00,24285.00,5502.75,18782.25,77.34%,0.00
2/15/25,25549.00,140.00,0.00,25409.00,5387.04,20021.96,78.80%,0.00
2/14/25,35641.00,339.00,117.90,35184.10,6004.38,29179.72,82.93%,0.00
2/13/25,29393.00,0.00,0.00,29393.00,5542.57,23850.43,81.14%,0.00
2/12/25,25472.00,980.00,88.00,24404.00,5399.75,19004.25,77.87%,0.00
2/11/25,24455.00,430.00,0.00,24025.00,3877.54,20147.46,83.86%,0.00
2/10/25,21686.00,0.00,39.80,21646.20,3807.41,17838.79,82.41%,0.00
2/9/25,19969.00,0.00,64.90,19904.10,4399.34,15504.76,77.90%,0.00
2/8/25,29330.00,140.00,22.00,29168.00,6354.45,22813.55,78.21%,0.00
2/7/25,25908.00,905.00,0.00,25003.00,4935.68,20067.32,80.26%,0.00
2/6/25,26289.00,1267.00,0.00,25022.00,3660.18,21361.82,85.37%,0.00
2/5/25,20918.00,0.00,46.00,20872.00,4403.39,16468.61,78.90%,0.00
2/4/25,21328.00,448.00,126.90,20753.10,3711.56,17041.54,82.12%,0.00
2/3/25,23001.00,0.00,67.00,22934.00,3722.55,19211.45,83.77%,0.00
2/2/25,37600.00,1433.00,99.00,36068.00,6601.10,29466.90,81.70%,0.00
2/1/25,32658.00,0.00,144.00,32514.00,6916.21,25597.79,78.73%,0.00
1/31/25,28048.00,440.00,86.00,27522.00,4688.62,22833.38,82.96%,0.00
1/30/25,28430.00,0.00,56.90,28373.10,4817.27,23555.83,83.02%,0.00
1/29/25,27895.00,1119.00,63.80,26712.20,4690.73,22021.47,82.44%,0.00
1/28/25,23851.00,888.00,63.00,22900.00,4366.27,18533.73,80.93%,0.00
1/27/25,25234.00,1097.00,93.70,24043.30,4291.63,19751.67,82.15%,0.00
1/26/25,23130.00,0.00,53.90,23076.10,3876.21,19199.89,83.20%,0.00
1/25/25,21668.00,240.00,0.00,21428.00,3534.30,17893.70,83.51%,0.00
1/24/25,22129.00,339.00,57.80,21732.20,3368.48,18363.72,84.50%,0.00
1/23/25,26705.00,0.00,0.00,26705.00,4589.67,22115.33,82.81%,0.00
1/22/25,31724.00,937.00,132.90,30654.10,5312.00,25342.10,82.67%,0.00
1/21/25,34771.00,587.00,75.90,34108.10,6426.74,27681.36,81.16%,0.00
1/20/25,33304.00,0.00,0.00,33304.00,6044.27,27259.73,81.85%,0.00
1/19/25,26166.00,738.00,72.90,25355.10,4738.90,20616.20,81.31%,0.00
1/18/25,36889.00,629.00,303.50,35956.50,7659.34,28297.16,78.70%,0.00
1/17/25,30816.00,0.00,0.00,30816.00,7082.87,23733.13,77.02%,0.00
1/16/25,28185.00,0.00,276.50,27908.50,6888.48,21020.02,75.32%,0.00
1/15/25,24803.00,869.00,102.00,23832.00,3542.79,20289.21,85.13%,0.00
1/14/25,0.00,0.00,0.00,0.00,0.00,0.00,0.00%,0.00
1/13/25,0.00,0.00,0.00,0.00,0.00,0.00,0.00%,0.00
1/12/25,0.00,0.00,0.00,0.00,0.00,0.00,0.00%,0.00
1/11/25,0.00,0.00,0.00,0.00,0.00,0.00,0.00%,0.00
1/10/25,27568.00,677.00,40.00,26851.00,5906.84,20944.16,78.00%,0.00
1/9/25,26409.00,220.00,22.00,26167.00,2552.10,23614.90,90.25%,0.00
1/8/25,30001.00,737.00,94.90,29169.10,4438.20,24730.90,84.78%,0.00
1/7/25,28583.00,1448.00,0.00,27135.00,2694.52,24440.48,90.07%,0.00
1/6/25,32562.00,2068.00,0.00,30494.00,5890.74,24603.26,80.68%,0.00
1/5/25,27671.00,0.00,18.00,27653.00,5771.80,21881.20,79.13%,0.00
1/4/25,31119.00,0.00,43.90,31075.10,6395.78,24679.32,79.42%,0.00
1/3/25,25446.00,0.00,0.00,25446.00,5858.30,19587.70,76.98%,0.00
1/2/25,0.00,0.00,0.00,0.00,0.00,0.00,0.00%,0.00
1/1/25,23267.00,410.00,66.90,22790.10,5385.88,17404.22,76.37%,0.00
12/31/24,30477.00,839.00,156.80,29481.20,6543.51,22937.69,77.80%,0.00
12/30/24,31360.00,699.00,72.00,30589.00,7019.29,23569.71,77.05%,0.00
12/29/24,32754.00,140.00,140.00,32474.00,5918.32,26555.68,81.78%,0.00
12/28/24,25766.00,0.00,0.00,25766.00,4564.84,21201.16,82.28%,0.00
12/27/24,27794.00,178.00,27.90,27588.10,5438.85,22149.25,80.29%,0.00
12/26/24,28615.00,954.00,14.00,27647.00,5722.53,21924.47,79.30%,0.00
12/25/24,23839.00,659.00,22.00,23158.00,4640.74,18517.26,79.96%,0.00
12/24/24,15817.00,0.00,32.00,15785.00,3985.46,11799.54,74.75%,0.00
12/23/24,0.00,0.00,0.00,0.00,0.00,0.00,0.00%,0.00
12/22/24,25688.00,0.00,73.00,25615.00,4525.49,21089.51,82.33%,0.00
12/21/24,25425.00,398.00,22.00,25005.00,3808.92,21196.08,84.77%,0.00
12/20/24,22593.00,669.00,0.00,21924.00,3282.30,18641.70,85.03%,0.00
12/19/24,25745.00,457.00,45.90,25242.10,4409.87,20832.23,82.53%,0.00
12/18/24,29828.00,2254.00,22.00,27552.00,3777.56,23774.44,86.29%,0.00
12/17/24,17909.00,0.00,101.90,17807.10,4144.81,13662.29,76.72%,0.00
12/16/24,27358.00,240.00,65.80,27052.20,5875.79,21176.41,78.28%,0.00
12/15/24,30247.00,0.00,63.00,30184.00,4711.48,25472.52,84.39%,0.00
12/14/24,23954.00,0.00,0.00,23954.00,4891.86,19062.14,79.58%,0.00
12/13/24,16796.00,747.00,0.00,16049.00,2455.84,13593.16,84.70%,0.00
12/12/24,24924.00,660.00,0.00,24264.00,4697.84,19566.16,80.64%,0.00
12/11/24,27464.00,240.00,81.90,27142.10,7131.41,20010.69,73.73%,0.00
12/10/24,30361.00,958.00,71.80,29331.20,5147.21,24183.99,82.45%,0.00
12/9/24,15442.00,0.00,25.90,15416.10,3747.95,11668.15,75.69%,0.00
12/8/24,23440.00,0.00,160.00,23280.00,3630.78,19649.22,84.40%,0.00
12/7/24,20707.00,0.00,57.90,20649.10,3778.78,16870.32,81.70%,0.00
12/6/24,27433.00,1325.00,29.00,26079.00,4462.22,21616.78,82.89%,0.00
12/5/24,16731.00,0.00,32.90,16698.10,3906.95,12791.15,76.60%,0.00
12/4/24,18360.00,0.00,55.80,18304.20,4101.93,14202.27,77.59%,0.00
12/3/24,16006.00,329.00,63.50,15613.50,3164.61,12448.89,79.73%,0.00
12/2/24,18146.00,339.00,22.00,17785.00,2250.50,15534.50,87.35%,0.00
12/1/24,22812.00,0.00,76.90,22735.10,4226.91,18508.19,81.41%,0.00
11/30/24,16705.00,634.00,90.80,15980.20,3266.99,12713.21,79.56%,0.00
11/29/24,14506.00,99.00,22.00,14385.00,2585.86,11799.14,82.02%,0.00
11/28/24,26403.00,1536.00,249.50,24617.50,5523.05,19094.45,77.56%,0.00
11/27/24,28056.00,558.00,112.90,27385.10,6520.61,20864.49,76.19%,0.00
11/26/24,23091.00,0.00,0.00,23091.00,4852.14,18238.86,78.99%,0.00
11/25/24,16249.00,0.00,24.90,16224.10,3254.26,12969.84,79.94%,0.00
11/24/24,26099.00,378.00,41.00,25680.00,4687.78,20992.22,81.75%,0.00
11/23/24,16773.00,528.00,0.00,16245.00,3573.21,12671.79,78.00%,0.00
11/22/24,16653.00,0.00,121.70,16531.30,3432.92,13098.38,79.23%,0.00
11/21/24,26229.00,934.00,0.00,25295.00,4449.07,20845.93,82.41%,0.00
11/20/24,26492.00,647.00,0.00,25845.00,2933.59,22911.41,88.65%,0.00
11/19/24,29675.00,1168.00,84.00,28423.00,5565.80,22857.20,80.42%,0.00
11/18/24,20282.00,918.00,53.90,19310.10,4702.30,14607.80,75.65%,0.00
11/17/24,25984.00,0.00,86.90,25897.10,5798.57,20098.53,77.61%,0.00
11/16/24,35033.00,3459.00,26.00,31548.00,5049.53,26498.47,83.99%,0.00
11/15/24,12731.00,634.00,83.70,12013.30,1669.11,10344.19,86.11%,0.00
11/14/24,19208.00,676.00,65.00,18467.00,3746.65,14720.35,79.71%,0.00
11/13/24,20967.00,240.00,25.90,20701.10,5950.36,14750.74,71.26%,0.00
11/12/24,23348.00,1184.00,132.70,22031.30,4885.82,17145.48,77.82%,0.00
11/11/24,26359.00,848.00,0.00,25511.00,5872.51,19638.49,76.98%,0.00
11/10/24,31089.00,1211.00,25.90,29852.10,4990.61,24861.49,83.28%,0.00
11/9/24,27039.00,2134.00,55.40,24849.60,5965.21,18884.39,75.99%,0.00
11/8/24,14419.00,0.00,23.90,14395.10,2430.38,11964.72,83.12%,0.00
11/7/24,26034.00,678.00,90.00,25266.00,5417.33,19848.67,78.56%,0.00
11/6/24,19285.00,1276.00,41.90,17967.10,3678.58,14288.52,79.53%,0.00
11/5/24,18203.00,0.00,190.20,18012.80,4989.37,13023.43,72.30%,0.00
11/4/24,18969.00,0.00,0.00,18969.00,2608.43,16360.57,86.25%,0.00
11/3/24,19581.00,0.00,77.80,19503.20,3558.88,15944.32,81.75%,0.00
11/2/24,17334.00,603.00,0.00,16731.00,5620.26,11110.74,66.41%,0.00
11/1/24,24812.00,1003.00,38.90,23770.10,4990.97,18779.13,79.00%,0.00
10/31/24,19135.00,310.00,57.80,18767.20,3057.00,15710.20,83.71%,0.00
10/30/24,21109.00,1676.00,135.60,19297.40,3810.77,15486.63,80.25%,0.00
10/29/24,25486.00,1815.00,128.60,23542.40,4596.14,18946.26,80.48%,0.00
10/28/24,25360.00,2115.00,46.90,23198.10,4107.05,19091.05,82.30%,0.00
10/27/24,20728.00,567.00,40.00,20121.00,4106.11,16014.89,79.59%,0.00
10/26/24,21418.00,0.00,222.01,21195.99,3898.31,17297.68,81.61%,0.00
10/25/24,21960.00,0.00,174.40,21785.60,3383.86,18401.74,84.47%,0.00
10/24/24,19521.00,0.00,108.00,19413.00,3705.14,15707.86,80.91%,0.00
10/23/24,22462.00,0.00,50.80,22411.20,4314.15,18097.05,80.75%,0.00
10/22/24,21287.00,578.00,121.70,20587.30,5486.63,15100.67,73.35%,0.00
10/21/24,18536.00,0.00,22.00,18514.00,4479.49,14034.51,75.80%,0.00
10/20/24,21536.00,0.00,62.00,21474.00,4446.93,17027.07,79.29%,0.00
10/19/24,19183.00,699.00,70.00,18414.00,3100.77,15313.23,83.16%,0.00
10/18/24,11913.00,0.00,46.80,11866.20,3057.39,8808.81,74.23%,0.00
10/17/24,17061.00,0.00,24.90,17036.10,3334.37,13701.73,80.43%,0.00
10/16/24,17575.00,219.00,0.00,17356.00,2909.61,14446.39,83.24%,0.00
10/15/24,16874.00,1107.00,0.00,15767.00,2684.46,13082.54,82.97%,0.00
10/14/24,18950.00,328.00,150.30,18471.70,4069.76,14401.94,77.97%,0.00
10/13/24,25768.00,0.00,48.00,25720.00,6642.48,19077.52,74.17%,0.00
10/12/24,20799.00,0.00,0.00,20799.00,4684.47,16114.53,77.48%,0.00
10/11/24,18993.00,199.00,0.00,18794.00,5072.99,13721.01,73.01%,0.00
10/10/24,22503.00,0.00,81.70,22421.30,5491.58,16929.72,75.51%,0.00
10/9/24,15468.00,0.00,65.80,15402.20,3294.86,12107.34,78.61%,0.00
10/8/24,23857.00,0.00,57.80,23799.20,4184.51,19614.69,82.42%,0.00
10/7/24,16556.00,0.00,90.60,16465.40,4040.62,12424.78,75.46%,0.00
10/6/24,25967.00,0.00,77.90,25889.10,5868.14,20020.96,77.33%,0.00
10/5/24,18985.00,0.00,29.90,18955.10,3830.42,15124.68,79.79%,0.00
10/4/24,17687.00,0.00,24.00,17663.00,4413.09,13249.91,75.02%,0.00
10/3/24,18659.00,0.00,99.39,18559.61,3713.94,14845.67,79.99%,0.00
10/2/24,13717.00,0.00,42.13,13674.87,2911.38,10763.49,78.71%,0.00
10/1/24,16053.00,0.00,52.50,16000.50,3155.31,12845.19,80.28%,0.00
9/30/24,17103.00,0.00,16.50,17086.50,3252.03,13834.47,80.97%,0.00
9/29/24,15273.00,0.00,89.40,15183.60,2691.32,12492.28,82.27%,0.00
9/28/24,15682.00,0.00,9.90,15672.10,3095.00,12577.10,80.25%,0.00
9/27/24,11650.00,0.00,0.00,11650.00,3021.92,8628.08,74.06%,0.00
9/26/24,14819.00,0.00,48.00,14771.00,2089.49,12681.51,85.85%,0.00
9/25/24,15127.00,0.00,0.00,15127.00,2270.62,12856.38,84.99%,0.00
9/24/24,14805.00,0.00,17.00,14788.00,2912.99,11875.01,80.30%,0.00
9/23/24,15154.00,0.00,175.30,14978.70,4057.27,10921.43,72.91%,0.00
9/22/24,16806.00,0.00,0.00,16806.00,4599.43,12206.57,72.63%,0.00
9/21/24,13437.00,0.00,47.90,13389.10,2994.04,10395.06,77.64%,0.00
9/20/24,19468.00,0.00,78.00,19390.00,3035.53,16354.47,84.34%,0.00
9/19/24,20933.00,0.00,24.00,20909.00,4651.53,16257.47,77.75%,0.00
9/18/24,12234.00,0.00,0.00,12234.00,1907.69,10326.31,84.41%,0.00
9/17/24,14778.00,0.00,24.90,14753.10,2470.32,12282.78,83.26%,0.00
9/16/24,16056.00,0.00,40.03,16015.97,3300.93,12715.04,79.39%,0.00
9/15/24,23476.00,0.00,0.00,23476.00,3453.19,20022.81,85.29%,0.00
9/14/24,20050.00,139.00,0.00,19911.00,3885.88,16025.12,80.48%,0.00
9/13/24,15424.00,0.00,0.00,15424.00,2680.47,12743.53,82.62%,0.00
9/12/24,13674.00,0.00,53.50,13620.50,2484.93,11135.57,81.76%,0.00
9/11/24,20326.00,25.00,2.50,20298.50,4898.44,15400.06,75.87%,0.00
9/10/24,21450.00,0.00,45.90,21404.10,6065.03,15339.07,71.66%,0.00
9/9/24,13725.00,0.00,0.00,13725.00,2282.45,11442.55,83.37%,0.00
9/8/24,19256.00,0.00,122.80,19133.20,4878.35,14254.85,74.50%,0.00
9/7/24,21586.00,0.00,146.50,21439.50,4459.20,16980.30,79.20%,0.00
9/6/24,18179.00,0.00,0.00,18179.00,3646.38,14532.62,79.94%,0.00
9/5/24,19963.00,99.00,62.00,19802.00,3647.40,16154.60,81.58%,0.00
9/4/24,12312.00,0.00,129.70,12182.30,2479.21,9703.09,79.65%,0.00
9/3/24,15041.00,0.00,0.00,15041.00,3888.32,11152.68,74.15%,0.00
9/2/24,20377.00,0.00,48.00,20329.00,4932.17,15396.83,75.74%,0.00
9/1/24,17883.00,0.00,0.00,17883.00,4651.28,13231.72,73.99%,0.00
8/31/24,16936.00,0.00,72.00,16864.00,5013.25,11850.75,70.27%,0.00
8/30/24,17433.00,119.00,0.00,17314.00,2241.75,15072.25,87.05%,0.00
8/29/24,17520.00,0.00,0.00,17520.00,4656.12,12863.88,73.42%,0.00
8/28/24,15442.00,0.00,77.00,15365.00,3996.77,11368.23,73.99%,0.00
8/27/24,19850.00,0.00,0.00,19850.00,4422.94,15427.06,77.72%,0.00
8/26/24,11838.00,0.00,0.00,11838.00,2945.80,8892.20,75.12%,0.00
8/25/24,15796.00,0.00,48.00,15748.00,3464.96,12283.04,78.00%,0.00
8/24/24,23881.00,0.00,75.90,23805.10,4077.33,19727.77,82.87%,0.00
8/23/24,20244.00,140.00,48.00,20056.00,5622.86,14433.14,71.96%,0.00
8/22/24,11899.00,280.00,0.00,11619.00,2254.62,9364.38,80.60%,0.00
8/21/24,12894.00,0.00,0.00,12894.00,2769.55,10124.45,78.52%,0.00
8/20/24,23014.00,0.00,0.00,23014.00,6364.89,16649.11,72.34%,0.00
8/19/24,29642.00,0.00,103.90,29538.10,7012.16,22525.94,76.26%,0.00
8/18/24,24722.00,0.00,0.00,24722.00,5637.66,19084.34,77.20%,0.00
8/17/24,21819.00,0.00,48.00,21771.00,4614.75,17156.25,78.80%,0.00
8/16/24,27478.00,219.00,48.00,27211.00,5122.01,22088.99,81.18%,0.00
8/15/24,15137.00,0.00,30.00,15107.00,2682.02,12424.98,82.25%,0.00
8/14/24,23572.00,816.00,205.70,22550.30,6200.70,16349.60,72.50%,0.00
8/13/24,16641.00,299.00,48.00,16294.00,3886.73,12407.27,76.15%,0.00
8/12/24,26642.00,0.00,0.00,26642.00,3990.96,22651.04,85.02%,0.00
8/11/24,25922.00,0.00,0.00,25922.00,4972.41,20949.59,80.82%,0.00
8/10/24,19038.00,378.00,62.00,18598.00,2568.74,16029.26,86.19%,0.00
8/9/24,20065.00,0.00,0.00,20065.00,3130.30,16934.70,84.40%,0.00
8/8/24,17437.00,0.00,46.00,17391.00,4798.84,12592.16,72.41%,0.00
8/7/24,23857.00,400.00,62.00,23395.00,5320.24,18074.76,77.26%,0.00
8/6/24,17605.00,480.00,14.00,17111.00,3711.35,13399.65,78.31%,0.00
8/5/24,22424.00,807.00,76.00,21541.00,4736.54,16804.46,78.01%,0.00
8/4/24,17105.00,140.00,46.90,16918.10,3455.29,13462.81,79.58%,0.00
8/3/24,22048.00,0.00,14.00,22034.00,4739.59,17294.41,78.49%,0.00
8/2/24,16544.00,439.00,24.00,16081.00,3173.26,12907.74,80.27%,0.00
8/1/24,25392.00,480.00,70.00,24842.00,5425.69,19416.31,78.16%,0.00
7/31/24,21879.00,0.00,64.80,21814.20,4813.16,17001.04,77.94%,0.00
7/30/24,22864.00,1427.00,60.80,21376.20,4787.78,16588.42,77.60%,0.00
7/29/24,18417.00,368.00,108.50,17940.50,3217.82,14722.68,82.06%,0.00
7/28/24,18720.00,319.00,21.90,18379.10,4364.89,14014.21,76.25%,0.00
7/27/24,22527.00,0.00,0.00,22527.00,4751.93,17775.07,78.91%,0.00
7/26/24,21584.00,0.00,48.00,21536.00,4756.91,16779.09,77.91%,0.00
7/25/24,18100.00,0.00,0.00,18100.00,4246.78,13853.22,76.54%,0.00
7/24/24,20295.00,319.00,53.90,19922.10,5718.87,14203.23,71.29%,0.00
7/23/24,10275.00,0.00,72.90,10202.10,2439.79,7762.31,76.09%,0.00
7/22/24,25377.00,0.00,0.00,25377.00,5076.30,20300.70,80.00%,0.00
7/21/24,27139.00,753.00,0.00,26386.00,7714.70,18671.30,70.76%,0.00
7/20/24,17194.00,140.00,69.90,16984.10,3626.21,13357.89,78.65%,0.00
7/19/24,15375.00,319.00,0.00,15056.00,3227.77,11828.23,78.56%,0.00
7/18/24,13915.00,1182.00,0.00,12733.00,2284.37,10448.63,82.06%,0.00
7/17/24,24081.00,480.00,48.00,23553.00,5854.61,17698.39,75.14%,0.00
7/16/24,18574.00,0.00,21.90,18552.10,3705.86,14846.24,80.02%,0.00
7/15/24,20372.00,0.00,0.00,20372.00,3029.25,17342.75,85.13%,0.00
7/14/24,20726.00,659.00,93.00,19974.00,4298.94,15675.06,78.48%,0.00
7/13/24,23701.00,638.00,0.00,23063.00,6304.73,16758.27,72.66%,0.00
7/12/24,20892.00,0.00,0.00,20892.00,4705.24,16186.76,77.48%,0.00
7/11/24,19410.00,659.00,0.00,18751.00,3423.98,15327.02,81.74%,0.00
7/10/24,22053.00,608.00,40.00,21405.00,5529.07,15875.93,74.17%,0.00
7/9/24,18131.00,0.00,86.40,18044.60,4957.90,13086.70,72.52%,0.00
7/8/24,19675.00,319.00,48.00,19308.00,4390.51,14917.49,77.26%,0.00
7/7/24,21678.00,0.00,40.00,21638.00,3765.14,17872.86,82.60%,0.00
7/6/24,20885.00,418.00,61.00,20406.00,3219.64,17186.36,84.22%,0.00
7/5/24,16792.00,1979.00,116.80,14696.20,2666.68,12029.52,81.85%,0.00
7/4/24,11041.00,0.00,24.00,11017.00,2107.36,8909.64,80.87%,0.00
7/3/24,17211.00,798.00,72.90,16340.10,3597.69,12742.41,77.98%,0.00
7/2/24,19386.00,569.00,35.00,18782.00,3388.02,15393.98,81.96%,0.00
7/1/24,18305.00,858.00,72.00,17375.00,3200.27,14174.73,81.58%,0.00
6/30/24,20058.00,280.00,0.00,19778.00,3620.26,16157.74,81.70%,0.00
6/29/24,21728.00,2314.00,38.90,19375.10,2361.46,17013.64,87.81%,0.00
6/28/24,22302.00,1187.00,40.00,21075.00,4326.55,16748.45,79.47%,0.00
6/27/24,17584.00,0.00,0.00,17584.00,3010.26,14573.74,82.88%,0.00
6/26/24,18133.00,690.00,0.00,17443.00,4169.74,13273.26,76.10%,0.00
6/25/24,14845.00,984.00,40.00,13821.00,2322.54,11498.46,83.20%,0.00
6/24/24,15588.00,460.00,0.00,15128.00,3090.73,12037.27,79.57%,0.00
6/23/24,21377.00,239.00,14.00,21124.00,3541.02,17582.98,83.24%,0.00
6/22/24,19090.00,888.00,80.90,18121.10,6166.35,11954.75,65.97%,0.00
6/21/24,14026.00,440.00,0.00,13586.00,4543.00,9043.00,66.56%,0.00
6/20/24,16861.00,1003.00,0.00,15858.00,5461.89,10396.11,65.56%,0.00
6/19/24,22240.00,1860.00,0.00,20380.00,5092.01,15287.99,75.01%,0.00
6/18/24,25605.00,408.00,48.00,25149.00,6174.02,18974.98,75.45%,0.00
6/17/24,21208.00,638.00,0.00,20570.00,6820.02,13749.98,66.84%,0.00
6/16/24,18595.00,1466.00,98.90,17030.10,4904.51,12125.59,71.20%,0.00
6/15/24,21849.00,415.00,0.00,21434.00,8362.93,13071.07,60.98%,0.00
6/14/24,25207.00,539.00,0.00,24668.00,8120.22,16547.78,67.08%,0.00
6/13/24,30147.00,6008.00,131.01,24007.99,8670.47,15337.52,63.89%,0.00
6/12/24,15820.00,0.00,0.00,15820.00,6016.98,9803.02,61.97%,0.00
6/11/24,18353.00,1658.00,0.00,16695.00,5981.96,10713.04,64.17%,0.00
6/10/24,26292.00,496.00,75.30,25720.70,7324.55,18396.15,71.52%,0.00
6/9/24,28668.00,1472.00,0.00,27196.00,8436.62,18759.38,68.98%,0.00
6/8/24,23348.00,2231.00,0.00,21117.00,6731.37,14385.63,68.12%,0.00
6/7/24,23135.00,2127.00,87.40,20920.60,6461.50,14459.10,69.11%,0.00
6/6/24,15887.00,525.00,0.00,15362.00,4496.17,10865.83,70.73%,0.00
6/5/24,21998.00,398.00,0.00,21600.00,6139.88,15460.12,71.57%,0.00
6/4/24,17230.00,569.00,0.00,16661.00,5713.40,10947.60,65.71%,0.00
6/3/24,17614.00,344.00,0.00,17270.00,5134.88,12135.12,70.27%,0.00
6/2/24,21731.00,1588.00,0.00,20143.00,5576.96,14566.04,72.31%,0.00
6/1/24,15616.00,0.00,21.90,15594.10,4609.12,10984.98,70.44%,0.00
5/31/24,7083.00,0.00,0.00,7083.00,2858.60,4224.40,59.64%,0.00
5/30/24,15649.00,0.00,30.50,15618.50,4015.97,11602.53,74.29%,0.00
5/29/24,13398.00,0.00,0.00,13398.00,4057.44,9340.56,69.72%,0.00
5/28/24,12001.00,354.00,80.00,11567.00,3636.94,7930.06,68.56%,0.00
5/27/24,14941.00,0.00,0.00,14941.00,4549.72,10391.28,69.55%,0.00
5/26/24,24676.00,917.00,94.00,23665.00,5606.96,18058.04,76.31%,0.00
5/25/24,22841.00,419.00,101.90,22320.10,7391.50,14928.60,66.88%,0.00
5/24/24,0.00,0.00,0.00,0.00,0.00,0.00,0.00%,0.00
5/23/24,0.00,0.00,0.00,0.00,0.00,0.00,0.00%,0.00
5/22/24,0.00,0.00,0.00,0.00,0.00,0.00,0.00%,0.00
5/21/24,16181.00,693.00,24.00,15464.00,4919.74,10544.26,68.19%,0.00
5/20/24,20937.00,469.00,72.00,20396.00,7158.74,13237.26,64.90%,0.00
5/19/24,20261.00,1045.00,0.00,19216.00,6131.44,13084.56,68.09%,0.00
5/18/24,22146.00,398.00,24.00,21724.00,5975.07,15748.93,72.50%,0.00
5/17/24,17576.00,0.00,0.00,17576.00,6097.09,11478.91,65.31%,0.00
5/16/24,16291.00,0.00,0.00,16291.00,6651.74,9639.26,59.17%,0.00
5/15/24,17338.00,339.00,0.00,16999.00,6010.87,10988.13,64.64%,0.00
5/14/24,20196.00,609.00,48.00,19539.00,6268.57,13270.43,67.92%,0.00
5/13/24,15329.00,0.00,72.00,15257.00,4452.80,10804.20,70.81%,0.00
5/12/24,24239.00,788.00,272.43,23178.57,7189.17,15989.40,68.98%,0.00
5/11/24,21257.00,850.00,121.61,20285.39,6734.06,13551.33,66.80%,0.00
5/10/24,18305.00,939.00,0.00,17366.00,5793.42,11572.58,66.64%,0.00
5/9/24,20116.00,319.00,0.00,19797.00,6322.26,13474.74,68.06%,0.00
5/8/24,20218.00,0.00,72.00,20146.00,6343.22,13802.78,68.51%,0.00
5/7/24,10482.00,0.00,0.00,10482.00,3354.95,7127.05,67.99%,0.00
5/6/24,19209.00,0.00,24.00,19185.00,6716.64,12468.36,64.99%,0.00
5/5/24,14193.00,0.00,0.00,14193.00,4580.11,9612.89,67.73%,0.00
5/4/24,23694.00,1209.00,0.00,22485.00,6579.31,15905.69,70.74%,0.00
5/3/24,19269.00,0.00,0.00,19269.00,6585.73,12683.27,65.82%,0.00
5/2/24,22339.00,3333.00,40.00,18966.00,5472.07,13493.93,71.15%,0.00
5/1/24,20699.00,434.00,0.00,20265.00,6719.99,13545.01,66.84%,0.00
4/30/24,17746.00,0.00,0.00,17746.00,6497.82,11248.18,63.38%,0.00
4/29/24,13679.00,190.00,72.00,13417.00,3878.73,9538.27,71.09%,0.00
4/28/24,16412.00,0.00,48.00,16364.00,5999.72,10364.28,63.34%,0.00
4/27/24,22200.00,0.00,0.00,22200.00,7527.71,14672.29,66.09%,0.00
4/26/24,16491.00,0.00,0.00,16491.00,5656.40,10834.60,65.70%,0.00
4/25/24,16909.00,0.00,129.00,16780.00,5232.49,11547.51,68.82%,0.00
4/24/24,16283.00,0.00,0.00,16283.00,5346.97,10936.03,67.16%,0.00
4/23/24,17580.00,1236.00,72.00,16272.00,4225.26,12046.74,74.03%,0.00
4/22/24,21916.00,837.00,0.00,21079.00,8141.11,12937.89,61.38%,0.00
4/21/24,24646.00,697.00,120.00,23829.00,8730.56,15098.44,63.36%,0.00
4/20/24,18859.00,308.00,0.00,18551.00,6960.95,11590.05,62.48%,0.00
4/19/24,17669.00,534.00,0.00,17135.00,5705.56,11429.44,66.70%,0.00
4/18/24,22788.00,0.00,72.00,22716.00,8326.37,14389.63,63.35%,0.00
4/17/24,14136.00,180.00,0.00,13956.00,3887.47,10068.53,72.14%,0.00
4/16/24,17669.00,400.00,0.00,17269.00,5926.29,11342.71,65.68%,0.00
4/15/24,19285.00,519.00,25.00,18741.00,5933.27,12807.73,68.34%,0.00
4/14/24,14139.00,0.00,240.00,13899.00,3425.33,10473.67,75.36%,0.00
4/13/24,20715.00,0.00,40.50,20674.50,5054.56,15619.94,75.55%,0.00
4/12/24,22048.00,0.00,120.00,21928.00,4799.43,17128.57,78.11%,0.00
4/11/24,18432.00,606.00,29.90,17796.10,4920.20,12875.90,72.35%,0.00
4/10/24,21962.00,1196.00,24.00,20742.00,5570.52,15171.48,73.14%,0.00
4/9/24,14012.00,0.00,0.00,14012.00,4101.66,9910.34,70.73%,0.00
4/8/24,21731.00,160.00,0.00,21571.00,5801.32,15769.68,73.11%,0.00
4/7/24,18378.00,0.00,29.80,18348.20,5010.51,13337.69,72.69%,0.00
4/6/24,18541.00,388.00,0.00,18153.00,5113.39,13039.61,71.83%,0.00
4/5/24,10814.00,0.00,21.90,10792.10,2926.02,7866.08,72.89%,0.00
4/4/24,22699.00,1540.00,126.00,21033.00,6069.38,14963.62,71.14%,0.00
4/3/24,19292.00,518.00,0.00,18774.00,4868.22,13905.78,74.07%,0.00
4/2/24,21432.00,0.00,0.00,21432.00,5915.27,15516.73,72.40%,0.00
4/1/24,20846.00,289.00,72.00,20485.00,5386.03,15098.97,73.71%,0.00
3/31/24,20785.00,309.00,0.00,20476.00,4535.76,15940.24,77.85%,0.00
3/30/24,0.00,0.00,0.00,0.00,0.00,0.00,0.00%,0.00
3/29/24,0.00,0.00,0.00,0.00,0.00,0.00,0.00%,0.00
3/28/24,0.00,0.00,0.00,0.00,0.00,0.00,0.00%,0.00
3/27/24,0.00,0.00,0.00,0.00,0.00,0.00,0.00%,0.00
3/26/24,20384.00,0.00,26.00,20358.00,4643.33,15714.67,77.19%,0.00
3/25/24,19008.00,604.00,50.50,18353.50,5362.84,12990.66,70.78%,0.00
3/24/24,17526.00,0.00,21.90,17504.10,4120.89,13383.21,76.46%,0.00
3/23/24,15363.00,0.00,0.00,15363.00,4189.94,11173.06,72.73%,0.00
3/22/24,20064.00,0.00,0.00,20064.00,6086.36,13977.64,69.67%,0.00
3/21/24,20125.00,1280.00,72.00,18773.00,4458.48,14314.52,76.25%,0.00
3/20/24,20729.00,494.00,0.00,20235.00,5680.51,14554.49,71.93%,0.00
3/19/24,17239.00,1017.00,0.00,16222.00,4118.66,12103.34,74.61%,0.00
3/18/24,21832.00,959.00,40.00,20833.00,6072.01,14760.99,70.85%,0.00
3/17/24,23110.00,320.00,27.00,22763.00,6181.29,16581.71,72.85%,0.00
3/16/24,19216.00,0.00,0.00,19216.00,6099.91,13116.09,68.26%,0.00
3/15/24,15540.00,0.00,53.70,15486.30,4524.18,10962.12,70.79%,0.00
3/14/24,18691.00,249.00,48.90,18393.10,4976.17,13416.93,72.95%,0.00
3/13/24,19517.00,977.00,0.00,18540.00,5631.79,12908.21,69.62%,0.00
3/12/24,21602.00,998.00,72.00,20532.00,5780.34,14751.66,71.85%,0.00
3/11/24,0.00,0.00,0.00,0.00,0.00,0.00,0.00%,0.00
3/10/24,17510.00,1461.00,0.00,16049.00,4277.77,11771.23,73.35%,0.00
3/9/24,25217.00,528.00,72.00,24617.00,7750.85,16866.15,68.51%,0.00
3/8/24,17330.00,0.00,0.00,17330.00,5229.21,12100.79,69.83%,0.00
3/7/24,18316.00,629.00,56.00,17631.00,5382.49,12248.51,69.47%,0.00
3/6/24,19931.00,1117.00,53.20,18760.80,5159.68,13601.12,72.50%,0.00
3/5/24,16565.00,165.00,0.00,16400.00,5270.31,11129.69,67.86%,0.00
3/4/24,25508.00,0.00,98.70,25409.30,5693.98,19715.32,77.59%,0.00
3/3/24,24041.00,0.00,31.90,24009.10,6524.34,17484.76,72.83%,0.00
3/2/24,21029.00,1028.00,113.40,19887.60,4958.12,14929.48,75.07%,0.00
3/1/24,16540.00,0.00,41.00,16499.00,4701.33,11797.67,71.51%,0.00
2/29/24,14107.00,0.00,0.00,14107.00,4821.11,9285.89,65.82%,0.00
2/28/24,13549.00,1476.00,24.00,12049.00,4317.09,7731.91,64.17%,0.00
2/27/24,14447.00,599.00,0.00,13848.00,4418.26,9429.74,68.09%,0.00
2/26/24,21616.00,0.00,164.90,21451.10,5377.61,16073.49,74.93%,0.00
2/25/24,0.00,0.00,0.00,0.00,0.00,0.00,0.00%,0.00
2/24/24,15406.00,0.00,37.80,15368.20,4691.99,10676.21,69.47%,0.00
2/23/24,16493.00,140.00,123.00,16230.00,4946.50,11283.50,69.52%,0.00
2/22/24,24606.00,0.00,21.90,24584.10,7160.95,17423.15,70.87%,0.00
2/21/24,23199.00,240.00,0.00,22959.00,6824.53,16134.47,70.28%,0.00
2/20/24,21988.00,0.00,24.00,21964.00,7570.91,14393.09,65.53%,0.00
2/19/24,25341.00,180.00,76.00,25085.00,8562.13,16522.87,65.87%,0.00
2/18/24,26177.00,140.00,75.40,25961.60,7707.58,18254.02,70.31%,0.00
2/17/24,19462.00,509.00,46.40,18906.60,6121.68,12784.92,67.62%,0.00
2/16/24,9934.00,438.00,0.00,9496.00,2834.27,6661.73,70.15%,0.00
2/15/24,12643.00,180.00,0.00,12463.00,5065.92,7397.08,59.35%,0.00
2/14/24,15344.00,0.00,40.00,15304.00,3681.72,11622.28,75.94%,0.00
2/13/24,12658.00,220.00,45.90,12392.10,4002.44,8389.66,67.70%,0.00
2/12/24,15000.00,0.00,32.40,14967.60,4529.70,10437.90,69.74%,0.00
2/11/24,14176.00,0.00,0.00,14176.00,4750.09,9425.91,66.49%,0.00
2/10/24,13500.00,0.00,0.00,13500.00,4304.23,9195.77,68.12%,0.00
2/9/24,13751.00,0.00,31.90,13719.10,4058.23,9660.87,70.42%,0.00
2/8/24,14329.00,0.00,170.00,14159.00,4147.47,10011.53,70.71%,0.00
2/7/24,13806.00,1305.00,0.00,12501.00,3477.10,9023.90,72.19%,0.00
2/6/24,11117.00,0.00,0.00,11117.00,3755.99,7361.01,66.21%,0.00
2/5/24,12728.00,0.00,0.00,12728.00,3599.83,9128.17,71.72%,0.00
2/4/24,14146.00,718.00,102.00,13326.00,3689.29,9636.71,72.32%,0.00
2/3/24,15762.00,0.00,0.00,15762.00,3904.71,11857.29,75.23%,0.00
2/2/24,16527.00,2545.00,200.80,13781.20,3821.22,9959.98,72.27%,0.00
2/1/24,9948.00,0.00,0.00,9948.00,3152.24,6795.76,68.31%,0.00
1/31/24,11944.00,0.00,0.00,11944.00,2805.47,9138.53,76.51%,0.00
1/30/24,14100.00,1667.00,31.90,12401.10,3508.42,8892.68,71.71%,0.00
1/29/24,17838.00,1138.00,212.20,16487.80,5695.58,10792.22,65.46%,0.00
1/28/24,17296.00,1749.00,22.00,15525.00,4931.25,10593.75,68.24%,0.00
1/27/24,10279.00,0.00,18.00,10261.00,3108.47,7152.53,69.71%,0.00
1/26/24,15228.00,0.00,61.00,15167.00,4350.22,10816.78,71.32%,0.00
1/25/24,15379.00,839.00,22.00,14518.00,4113.13,10404.87,71.67%,0.00
1/24/24,5980.00,0.00,0.00,5980.00,2113.04,3866.96,64.66%,0.00
1/23/24,12464.00,0.00,0.00,12464.00,4225.70,8238.30,66.10%,0.00
1/22/24,18348.00,0.00,49.00,18299.00,6043.78,12255.22,66.97%,0.00
1/21/24,19544.00,0.00,0.00,19544.00,7026.11,12517.89,64.05%,0.00
1/20/24,24176.00,359.00,0.00,23817.00,7962.47,15854.53,66.57%,0.00
1/19/24,16598.00,359.00,63.90,16175.10,5742.23,10432.87,64.50%,0.00
1/18/24,12652.00,440.00,0.00,12212.00,4894.14,7317.86,59.92%,0.00
1/17/24,8246.00,0.00,0.00,8246.00,2624.52,5621.48,68.17%,0.00
1/16/24,13179.00,1167.00,0.00,12012.00,3161.89,8850.11,73.68%,0.00
1/15/24,21180.00,0.00,0.00,21180.00,5746.84,15433.16,72.87%,0.00
1/14/24,19941.00,0.00,0.00,19941.00,5078.53,14862.47,74.53%,0.00
1/13/24,13964.00,220.00,0.00,13744.00,4999.83,8744.17,63.62%,0.00
1/12/24,16962.00,0.00,97.90,16864.10,4155.60,12708.50,75.36%,0.00
1/11/24,18739.00,1357.00,64.00,17318.00,5389.05,11928.95,68.88%,0.00
1/10/24,16063.00,968.00,83.00,15012.00,3943.29,11068.71,73.73%,0.00
1/9/24,17635.00,1887.00,0.00,15748.00,4969.29,10778.71,68.44%,0.00
1/8/24,22061.00,0.00,0.00,22061.00,8074.09,13986.91,63.40%,0.00
1/7/24,26445.00,740.00,0.00,25705.00,8506.91,17198.09,66.91%,0.00
1/6/24,18957.00,0.00,0.00,18957.00,5087.15,13869.85,73.16%,0.00
1/5/24,12504.00,680.00,0.00,11824.00,4317.22,7506.78,63.49%,0.00
1/4/24,19565.00,0.00,0.00,19565.00,5749.51,13815.49,70.61%,0.00
1/3/24,24511.00,659.00,24.00,23828.00,7014.98,16813.02,70.56%,0.00
1/2/24,29187.00,538.00,0.00,28649.00,8005.03,20643.97,72.06%,0.00
1/1/24,20243.00,0.00,24.00,20219.00,5606.08,14612.92,72.27%,0.00
12/31/23,26399.00,0.00,0.00,26399.00,8690.73,17708.27,67.08%,0.00
12/30/23,20039.00,1427.00,24.00,18588.00,5679.28,12908.72,69.45%,0.00
12/29/23,22934.00,369.00,36.90,22528.10,6619.33,15908.77,70.62%,0.00
12/28/23,13881.00,380.00,0.00,13501.00,4033.79,9467.21,70.12%,0.00
12/27/23,19871.00,129.00,47.00,19695.00,6075.18,13619.82,69.15%,0.00
12/26/23,19409.00,450.00,0.00,18959.00,6088.98,12870.02,67.88%,0.00
12/25/23,21761.00,0.00,113.90,21647.10,6459.67,15187.43,70.16%,0.00
12/24/23,18219.00,679.00,0.00,17540.00,5037.86,12502.14,71.28%,0.00
12/23/23,16227.00,0.00,0.00,16227.00,4066.83,12160.17,74.94%,0.00
12/22/23,12509.00,0.00,0.00,12509.00,2884.49,9624.51,76.94%,0.00
12/21/23,13083.00,439.00,0.00,12644.00,3875.53,8768.47,69.35%,0.00
12/20/23,10191.00,229.00,0.00,9962.00,2500.69,7461.31,74.90%,0.00
12/19/23,15758.00,0.00,0.00,15758.00,3009.26,12748.74,80.90%,0.00
12/18/23,25238.00,1929.00,0.00,23309.00,6476.93,16832.07,72.21%,0.00
12/17/23,19772.00,300.00,0.00,19472.00,6835.29,12636.71,64.90%,0.00
12/16/23,17018.00,0.00,0.00,17018.00,3484.51,13533.49,79.52%,0.00
12/15/23,12824.00,449.00,0.00,12375.00,2939.51,9435.49,76.25%,0.00
12/14/23,12013.00,850.00,0.00,11163.00,3712.73,7450.27,66.74%,0.00
12/13/23,12996.00,79.00,0.00,12917.00,4183.60,8733.40,67.61%,0.00
12/12/23,15243.00,0.00,0.00,15243.00,5884.71,9358.29,61.39%,0.00
12/11/23,14268.00,0.00,0.00,14268.00,5121.20,9146.80,64.11%,0.00
12/10/23,22392.00,679.00,0.00,21713.00,5976.93,15736.07,72.47%,0.00
12/9/23,10493.00,559.00,0.00,9934.00,3167.44,6766.56,68.12%,0.00
12/8/23,18761.00,239.00,0.00,18522.00,5702.29,12819.71,69.21%,0.00
12/7/23,14186.00,2284.00,95.80,11806.20,3555.23,8250.97,69.89%,0.00
12/6/23,16130.00,140.00,0.00,15990.00,5361.91,10628.09,66.47%,0.00
12/5/23,10942.00,0.00,0.00,10942.00,3672.00,7270.00,66.44%,0.00
12/4/23,10357.00,1240.00,0.00,9117.00,3034.30,6082.70,66.72%,0.00
12/3/23,18696.00,140.00,0.00,18556.00,6160.57,12395.43,66.80%,0.00
12/2/23,14521.00,378.00,0.00,14143.00,4437.98,9705.02,68.62%,0.00
12/1/23,10507.00,220.00,0.00,10287.00,3590.31,6696.69,65.10%,0.00
11/30/23,8995.00,0.00,0.00,8995.00,3481.54,5513.46,61.29%,0.00
11/29/23,15193.00,500.00,0.00,14693.00,5834.27,8858.73,60.29%,0.00
11/28/23,15066.00,648.00,32.90,14385.10,5014.49,9370.61,65.14%,0.00
11/27/23,18133.00,0.00,0.00,18133.00,6739.98,11393.02,62.83%,0.00
11/26/23,11491.00,530.00,0.00,10961.00,4225.99,6735.01,61.45%,0.00
11/25/23,20760.00,140.00,0.00,20620.00,8778.51,11841.49,57.43%,0.00
11/24/23,14257.00,229.00,0.00,14028.00,5926.64,8101.36,57.75%,0.00
11/23/23,12000.00,520.00,0.00,11480.00,3812.52,7667.48,66.79%,0.00
11/22/23,16842.00,1817.00,0.00,15025.00,5716.06,9308.94,61.96%,0.00
11/21/23,11410.00,0.00,0.00,11410.00,4837.84,6572.16,57.60%,0.00
11/20/23,19152.00,1310.00,0.00,17842.00,7252.86,10589.14,59.35%,0.00
11/19/23,17491.00,760.00,0.00,16731.00,6840.50,9890.50,59.11%,0.00
11/18/23,14646.00,509.00,0.00,14137.00,5772.29,8364.71,59.17%,0.00
11/17/23,9815.00,0.00,0.00,9815.00,4152.96,5662.04,57.69%,0.00
11/16/23,18146.00,2229.00,0.00,15917.00,6161.04,9755.96,61.29%,0.00
11/15/23,8274.00,810.00,0.00,7464.00,2762.10,4701.90,62.99%,0.00
11/14/23,17483.00,747.00,0.00,16736.00,7145.48,9590.52,57.30%,0.00
11/13/23,14943.00,0.00,0.00,14943.00,5801.93,9141.07,61.17%,0.00
11/12/23,20936.00,320.00,0.00,20616.00,8974.09,11641.91,56.47%,0.00
11/11/23,10366.00,0.00,0.00,10366.00,4104.32,6261.68,60.41%,0.00
11/10/23,13563.00,945.00,0.00,12618.00,4806.22,7811.78,61.91%,0.00
11/9/23,8588.00,160.00,0.00,8428.00,3338.04,5089.96,60.39%,0.00
11/8/23,9309.00,3415.00,0.00,5894.00,2088.61,3805.39,64.56%,0.00
11/7/23,11159.00,0.00,0.00,11159.00,4581.92,6577.08,58.94%,0.00
11/6/23,9618.00,160.00,0.00,9458.00,3828.76,5629.24,59.52%,0.00
11/5/23,14831.00,280.00,32.00,14519.00,5927.44,8591.56,59.17%,0.00
11/4/23,13424.00,0.00,0.00,13424.00,5494.53,7929.47,59.07%,0.00
11/3/23,10045.00,0.00,0.00,10045.00,4331.96,5713.04,56.87%,0.00
11/2/23,11227.00,0.00,0.00,11227.00,4316.17,6910.83,61.56%,0.00
11/1/23,11536.00,240.00,0.00,11296.00,5166.21,6129.79,54.27%,0.00
10/31/23,6788.00,780.00,0.00,6008.00,2689.29,3318.71,55.24%,0.00
10/30/23,0.00,0.00,0.00,0.00,0.00,0.00,0.00%,0.00
10/29/23,8309.00,30.00,0.00,8279.00,3868.69,4410.31,53.27%,0.00
10/28/23,11090.00,80.00,0.00,11010.00,4847.76,6162.24,55.97%,0.00
10/27/23,11850.00,0.00,0.00,11850.00,4932.58,6917.42,58.37%,0.00
10/26/23,9220.00,80.00,0.00,9140.00,4151.23,4988.77,54.58%,0.00
10/25/23,7090.00,0.00,0.00,7090.00,3098.09,3991.91,56.30%,0.00
10/24/23,12690.00,0.00,0.00,12690.00,6093.87,6596.13,51.98%,0.00
10/23/23,12070.00,0.00,0.00,12070.00,5722.74,6347.26,52.59%,0.00
10/22/23,9020.00,870.00,0.00,8150.00,3524.74,4625.26,56.75%,0.00
10/21/23,5210.00,0.00,0.00,5210.00,2141.66,3068.34,58.89%,0.00
10/20/23,7920.00,0.00,0.00,7920.00,3317.52,4602.48,58.11%,0.00
10/19/23,7150.00,0.00,0.00,7150.00,2700.41,4449.59,62.23%,0.00
10/18/23,10360.00,190.00,735.50,9434.50,3931.31,5503.19,58.33%,0.00
10/17/23,6710.00,0.00,131.00,6579.00,2811.01,3767.99,57.27%,0.00
10/16/23,7360.00,320.00,82.00,6958.00,2937.18,4020.82,57.79%,0.00
10/15/23,10960.00,0.00,221.00,10739.00,4876.86,5862.14,54.59%,0.00
10/14/23,0.00,0.00,0.00,0.00,0.00,0.00,0.00%,0.00
10/13/23,5610.00,0.00,80.00,5530.00,2481.10,3048.90,55.13%,0.00
10/12/23,5800.00,0.00,0.00,5800.00,2458.67,3341.33,57.61%,0.00
10/11/23,7720.00,0.00,0.00,7720.00,3418.18,4301.82,55.72%,0.00
10/10/23,5940.00,0.00,0.00,5940.00,2407.10,3532.90,59.48%,0.00
10/9/23,7220.00,560.00,0.00,6660.00,2946.22,3713.78,55.76%,0.00
10/8/23,11260.00,0.00,0.00,11260.00,4409.69,6850.31,60.84%,0.00
10/7/23,7900.00,0.00,0.00,7900.00,3148.87,4751.13,60.14%,0.00
10/6/23,6520.00,0.00,0.00,6520.00,2727.63,3792.37,58.17%,0.00
10/5/23,5590.00,0.00,0.00,5590.00,2453.57,3136.43,56.11%,0.00
10/4/23,7730.00,0.00,220.00,7510.00,2906.85,4603.15,61.29%,0.00
10/3/23,4670.00,0.00,0.00,4670.00,1871.06,2798.94,59.93%,0.00
10/2/23,8720.00,0.00,0.00,8720.00,3671.98,5048.02,57.89%,0.00
10/1/23,7110.00,0.00,0.00,7110.00,2836.28,4273.72,60.11%,0.00
9/30/23,8090.00,300.00,0.00,7790.00,3374.92,4415.08,56.68%,0.00
9/29/23,7110.00,0.00,0.00,7110.00,2771.36,4338.64,61.02%,0.00
9/28/23,5100.00,0.00,0.00,5100.00,1952.42,3147.58,61.72%,0.00
9/27/23,7720.00,0.00,94.00,7626.00,3330.47,4295.53,56.33%,0.00
9/26/23,7130.00,0.00,54.00,7076.00,2742.61,4333.39,61.24%,0.00
9/25/23,6860.00,0.00,0.00,6860.00,2916.12,3943.88,57.49%,0.00
9/24/23,3230.00,360.00,0.00,2870.00,1367.87,1502.13,52.34%,0.00
9/23/23,6400.00,960.00,0.00,5440.00,2117.09,3322.91,61.08%,0.00
9/22/23,8250.00,1960.00,0.00,6290.00,2729.71,3560.29,56.60%,0.00
9/21/23,3840.00,0.00,176.00,3664.00,1538.61,2125.39,58.01%,0.00
9/20/23,4840.00,0.00,308.00,4532.00,2140.41,2391.59,52.77%,0.00
9/19/23,4600.00,0.00,264.00,4336.00,1900.67,2435.33,56.17%,0.00
9/18/23,7080.00,0.00,308.00,6772.00,2973.34,3798.66,56.09%,0.00
9/17/23,5470.00,0.00,220.00,5250.00,2318.45,2931.55,55.84%,0.00
9/16/23,8570.00,740.00,0.00,7830.00,3210.61,4619.39,59.00%,0.00
9/15/23,0.00,0.00,0.00,0.00,0.00,0.00,0.00%,0.00
9/14/23,9050.00,0.00,0.00,9050.00,3662.54,5387.46,59.53%,0.00
9/13/23,0.00,0.00,0.00,0.00,0.00,0.00,0.00%,0.00
9/12/23,7250.00,0.00,0.00,7250.00,3023.79,4226.21,58.29%,0.00
9/11/23,8390.00,1220.00,0.00,7170.00,2584.07,4585.93,63.96%,0.00
9/10/23,7470.00,0.00,0.00,7470.00,3292.54,4177.46,55.92%,0.00
9/9/23,4090.00,0.00,0.00,4090.00,1771.67,2318.33,56.68%,0.00
9/8/23,3860.00,0.00,187.00,3673.00,1555.17,2117.83,57.66%,0.00
9/7/23,5900.00,0.00,28.00,5872.00,2184.37,3687.63,62.80%,0.00
9/6/23,12930.00,960.00,0.00,11970.00,4809.02,7160.98,59.82%,0.00
9/5/23,5410.00,0.00,0.00,5410.00,2215.68,3194.32,59.04%,0.00
9/4/23,3620.00,0.00,0.00,3620.00,1440.48,2179.52,60.21%,0.00
9/3/23,7930.00,0.00,440.00,7490.00,2851.79,4638.21,61.93%,0.00
9/2/23,5750.00,0.00,176.00,5574.00,2217.17,3356.83,60.22%,0.00
9/1/23,6230.00,590.00,51.00,5589.00,2170.13,3418.87,61.17%,0.00
8/31/23,3790.00,0.00,216.00,3574.00,1361.26,2212.74,61.91%,0.00
8/30/23,7470.00,0.00,496.00,6974.00,3066.50,3907.50,56.03%,0.00
8/29/23,7110.00,0.00,80.00,7030.00,2877.48,4152.52,59.07%,0.00
8/28/23,0.00,0.00,0.00,0.00,0.00,0.00,0.00%,0.00
8/27/23,4330.00,0.00,96.00,4234.00,1602.54,2631.46,62.15%,0.00
8/26/23,5790.00,0.00,48.00,5742.00,2282.70,3459.30,60.25%,0.00
8/25/23,6290.00,0.00,70.00,6220.00,2252.92,3967.08,63.78%,0.00
8/24/23,7340.00,160.00,184.00,6996.00,3052.30,3943.70,56.37%,0.00
8/23/23,0.00,0.00,0.00,0.00,0.00,0.00,0.00%,0.00
8/22/23,4290.00,0.00,316.00,3974.00,1606.09,2367.91,59.59%,0.00
8/21/23,7850.00,0.00,88.00,7762.00,2973.23,4788.77,61.70%,0.00
8/20/23,6330.00,320.00,232.00,5778.00,2264.86,3513.14,60.80%,0.00
8/19/23,5420.00,0.00,108.00,5312.00,2037.43,3274.57,61.64%,0.00
8/18/23,6000.00,240.00,72.00,5688.00,1984.23,3703.77,65.12%,0.00
8/17/23,3680.00,0.00,36.00,3644.00,1301.28,2342.72,64.29%,0.00
8/16/23,4380.00,0.00,72.00,4308.00,1635.69,2672.31,62.03%,0.00
8/15/23,0.00,0.00,0.00,0.00,0.00,0.00,0.00%,0.00
8/14/23,8300.00,0.00,24.00,8276.00,2973.88,5302.12,64.07%,0.00
8/13/23,8150.00,0.00,220.00,7930.00,3033.15,4896.85,61.75%,0.00
8/12/23,2900.00,0.00,88.00,2812.00,1059.14,1752.86,62.33%,0.00
8/11/23,5740.00,0.00,771.00,4969.00,2276.86,2692.14,54.18%,0.00
8/10/23,5130.00,0.00,60.00,5070.00,1782.16,3287.84,64.85%,0.00
8/9/23,6040.00,180.00,60.00,5800.00,2290.12,3509.88,60.52%,0.00
8/8/23,2860.00,240.00,132.00,2488.00,861.79,1626.21,65.36%,0.00
8/7/23,6000.00,0.00,113.00,5887.00,2129.69,3757.31,63.82%,0.00
8/6/23,0.00,0.00,0.00,0.00,0.00,0.00,0.00%,0.00
8/5/23,10290.00,240.00,201.00,9849.00,3587.20,6261.80,63.58%,0.00
8/4/23,6240.00,1880.00,78.00,4282.00,1730.62,2551.38,59.58%,0.00
8/3/23,8950.00,1420.00,542.00,6988.00,2625.22,4362.78,62.43%,0.00
8/2/23,8590.00,640.00,622.00,7328.00,2954.61,4373.39,59.68%,0.00
8/1/23,6430.00,430.00,340.00,5660.00,2351.00,3309.00,58.46%,0.00
7/31/23,8150.00,320.00,557.50,7272.50,3189.94,4082.56,56.14%,0.00
7/30/23,4890.00,0.00,56.00,4834.00,1938.99,2895.01,59.89%,0.00
7/29/23,6240.00,280.00,453.20,5506.80,2115.47,3391.33,61.58%,0.00
7/28/23,5120.00,0.00,128.00,4992.00,2039.84,2952.16,59.14%,0.00
7/27/23,6760.00,80.00,588.00,6092.00,2784.71,3307.29,54.29%,0.00
7/26/23,6960.00,160.00,480.00,6320.00,2681.56,3638.44,57.57%,0.00
7/25/23,4010.00,0.00,320.00,3690.00,1462.77,2227.23,60.36%,0.00
7/24/23,3390.00,0.00,124.00,3266.00,1443.58,1822.42,55.80%,0.00
7/23/23,5040.00,640.00,658.00,3742.00,1639.62,2102.38,56.18%,0.00
7/22/23,3890.00,360.00,388.00,3142.00,1360.54,1781.46,56.70%,0.00
7/21/23,7670.00,680.00,0.00,6990.00,2986.08,4003.92,57.28%,0.00
7/20/23,4560.00,0.00,0.00,4560.00,1994.26,2565.74,56.27%,0.00
7/19/23,2850.00,270.00,0.00,2580.00,936.36,1643.64,63.71%,0.00
7/18/23,2840.00,0.00,40.00,2800.00,1119.32,1680.68,60.02%,0.00
7/17/23,4140.00,0.00,0.00,4140.00,1564.44,2575.56,62.21%,0.00
7/16/23,3010.00,640.00,0.00,2370.00,873.22,1496.78,63.16%,0.00
7/15/23,7050.00,0.00,0.00,7050.00,3004.83,4045.17,57.38%,0.00
7/14/23,5630.00,0.00,0.00,5630.00,2248.18,3381.82,60.07%,0.00
7/13/23,2560.00,0.00,24.00,2536.00,1116.06,1419.94,55.99%,0.00
7/12/23,0.00,0.00,0.00,0.00,0.00,0.00,0.00%,0.00
7/11/23,2680.00,0.00,70.00,2610.00,1179.73,1430.27,54.80%,0.00
7/10/23,2040.00,0.00,0.00,2040.00,806.74,1233.26,60.45%,0.00
7/9/23,5430.00,0.00,200.00,5230.00,2412.65,2817.35,53.87%,0.00
7/8/23,4170.00,140.00,165.00,3865.00,1806.24,2058.76,53.27%,0.00
7/7/23,3560.00,0.00,0.00,3560.00,1512.76,2047.24,57.51%,0.00
7/6/23,4730.00,360.00,0.00,4370.00,1855.53,2514.47,57.54%,0.00
7/5/23,2360.00,280.00,0.00,2080.00,949.45,1130.55,54.35%,0.00
7/4/23,4690.00,500.00,652.00,3538.00,1818.89,1719.11,48.59%,0.00
7/3/23,4200.00,0.00,350.00,3850.00,1806.76,2043.24,53.07%,0.00
7/2/23,4250.00,0.00,200.00,4050.00,1812.43,2237.57,55.25%,0.00
7/1/23,0.00,0.00,0.00,0.00,0.00,0.00,0.00%,0.00
6/30/23,380.00,0.00,190.00,190.00,180.28,9.72,5.12%,0.00
6/29/23,0.00,0.00,0.00,0.00,0.00,0.00,0.00%,0.00
6/28/23,7050.00,490.00,110.00,6450.00,2826.16,3623.84,56.18%,0.00
6/27/23,0.00,0.00,0.00,0.00,0.00,0.00,0.00%,0.00
6/26/23,4220.00,0.00,190.00,4030.00,1803.51,2226.49,55.25%,0.00
6/25/23,5570.00,0.00,40.00,5530.00,2378.22,3151.78,56.99%,0.00
6/24/23,4990.00,580.00,80.00,4330.00,1897.36,2432.64,56.18%,0.00
6/23/23,2660.00,0.00,200.00,2460.00,1182.38,1277.62,51.94%,0.00
6/22/23,2980.00,440.00,0.00,2540.00,1106.64,1433.36,56.43%,0.00
6/21/23,5000.00,80.00,176.00,4744.00,2120.66,2623.34,55.30%,0.00
6/20/23,3010.00,0.00,242.00,2768.00,1298.48,1469.52,53.09%,0.00
6/19/23,3510.00,360.00,212.00,2938.00,1430.93,1507.07,51.30%,0.00
6/18/23,3580.00,0.00,274.00,3306.00,1591.71,1714.29,51.85%,0.00
6/17/23,3520.00,170.00,0.00,3350.00,1453.89,1896.11,56.60%,0.00
6/16/23,5080.00,0.00,739.00,4341.00,2255.99,2085.01,48.03%,0.00
6/15/23,3340.00,0.00,680.00,2660.00,1455.35,1204.65,45.29%,0.00
6/14/23,3770.00,0.00,182.00,3588.00,1677.41,1910.59,53.25%,0.00
6/13/23,3910.00,0.00,160.00,3750.00,1784.25,1965.75,52.42%,0.00
6/12/23,4900.00,0.00,303.00,4597.00,2159.44,2437.56,53.03%,0.00
6/11/23,3040.00,290.00,264.00,2486.00,1250.26,1235.74,49.71%,0.00
6/10/23,2560.00,0.00,80.00,2480.00,1110.11,1369.89,55.24%,0.00
6/9/23,6580.00,0.00,150.00,6430.00,2910.51,3519.49,54.74%,0.00
6/8/23,5970.00,440.00,620.00,4910.00,2464.30,2445.70,49.81%,0.00
6/7/23,7050.00,0.00,14.00,7036.00,2994.37,4041.63,57.44%,0.00
6/6/23,0.00,0.00,0.00,0.00,0.00,0.00,0.00%,0.00
6/5/23,4260.00,0.00,260.00,4000.00,1911.81,2088.19,52.20%,0.00
6/4/23,5400.00,0.00,240.00,5160.00,2306.95,2853.05,55.29%,0.00
6/3/23,4390.00,300.00,560.00,3530.00,1796.31,1733.69,49.11%,0.00
6/2/23,3850.00,0.00,924.00,2926.00,1680.18,1245.82,42.58%,0.00
6/1/23,2260.00,0.00,470.00,1790.00,941.82,848.18,47.38%,0.00
5/31/23,1360.00,0.00,0.00,1360.00,625.42,734.58,54.01%,0.00
5/30/23,0.00,0.00,0.00,0.00,0.00,0.00,0.00%,0.00
5/29/23,3100.00,0.00,144.00,2956.00,1303.52,1652.48,55.90%,0.00
5/28/23,7760.00,1140.00,18.00,6602.00,2974.39,3627.61,54.95%,0.00
5/27/23,3670.00,0.00,0.00,3670.00,1530.41,2139.59,58.30%,0.00
5/26/23,3720.00,140.00,0.00,3580.00,1582.16,1997.84,55.81%,0.00
5/25/23,1930.00,140.00,88.00,1702.00,785.26,916.74,53.86%,0.00
5/24/23,4640.00,0.00,88.00,4552.00,2051.13,2500.87,54.94%,0.00
5/23/23,0.00,0.00,0.00,0.00,0.00,0.00,0.00%,0.00
5/22/23,3780.00,0.00,0.00,3780.00,1672.15,2107.85,55.76%,0.00
5/21/23,4680.00,0.00,0.00,4680.00,2085.14,2594.86,55.45%,0.00
5/20/23,5090.00,0.00,248.00,4842.00,2334.71,2507.29,51.78%,0.00
5/19/23,3820.00,0.00,0.00,3820.00,1726.84,2093.16,54.79%,0.00
5/18/23,4170.00,0.00,56.00,4114.00,1851.63,2262.37,54.99%,0.00
5/17/23,3440.00,220.00,56.00,3164.00,1460.51,1703.49,53.84%,0.00
5/16/23,0.00,0.00,0.00,0.00,0.00,0.00,0.00%,0.00
5/15/23,7110.00,0.00,0.00,7110.00,3163.10,3946.90,55.51%,0.00
5/14/23,0.00,0.00,0.00,0.00,0.00,0.00,0.00%,0.00
5/13/23,2630.00,0.00,56.00,2574.00,1177.86,1396.14,54.24%,0.00
5/12/23,5630.00,580.00,184.00,4866.00,2315.94,2550.06,52.41%,0.00
5/11/23,4220.00,750.00,30.00,3440.00,1554.95,1885.05,54.80%,0.00
5/10/23,4440.00,0.00,152.00,4288.00,2029.93,2258.07,52.66%,0.00
5/9/23,0.00,0.00,0.00,0.00,0.00,0.00,0.00%,0.00
5/8/23,4330.00,320.00,0.00,4010.00,1782.95,2227.05,55.54%,0.00
5/7/23,760.00,0.00,176.00,584.00,329.86,254.14,43.52%,0.00
5/6/23,6200.00,300.00,216.00,5684.00,2595.25,3088.75,54.34%,0.00
5/5/23,4230.00,0.00,0.00,4230.00,1985.25,2244.75,53.07%,0.00
5/4/23,3510.00,280.00,14.00,3216.00,1483.26,1732.74,53.88%,0.00
5/3/23,3630.00,0.00,0.00,3630.00,1716.80,1913.20,52.71%,0.00
5/2/23,0.00,0.00,0.00,0.00,0.00,0.00,0.00%,0.00
5/1/23,1240.00,0.00,208.00,1032.00,577.23,454.77,44.07%,0.00
4/30/23,3370.00,0.00,164.00,3206.00,1598.42,1607.58,50.14%,0.00
4/29/23,3450.00,0.00,332.00,3118.00,1576.66,1541.34,49.43%,0.00
4/28/23,5810.00,0.00,436.00,5374.00,2735.35,2638.65,49.10%,0.00
4/27/23,3440.00,0.00,216.00,3224.00,1586.02,1637.98,50.81%,0.00
4/26/23,2780.00,0.00,0.00,2780.00,1542.00,1238.00,44.53%,0.00
4/25/23,0.00,0.00,0.00,0.00,0.00,0.00,0.00%,0.00
4/24/23,2320.00,0.00,0.00,2320.00,1290.00,1030.00,44.40%,0.00
4/23/23,4500.00,0.00,0.00,4500.00,2250.00,2250.00,50.00%,0.00
4/22/23,3680.00,0.00,0.00,3680.00,1844.00,1836.00,49.89%,0.00
4/21/23,1890.00,0.00,0.00,1890.00,927.00,963.00,50.95%,0.00
4/20/23,0.00,0.00,0.00,0.00,0.00,0.00,0.00%,0.00
4/19/23,2220.00,0.00,0.00,2220.00,1090.00,1130.00,50.90%,0.00
4/18/23,200.00,0.00,0.00,200.00,109.00,91.00,45.50%,0.00
4/17/23,0.00,0.00,0.00,0.00,0.00,0.00,0.00%,0.00
4/16/23,0.00,0.00,0.00,0.00,0.00,0.00,0.00%,0.00
4/15/23,0.00,0.00,0.00,0.00,0.00,0.00,0.00%,0.00
4/14/23,0.00,0.00,0.00,0.00,0.00,0.00,0.00%,0.00
4/13/23,0.00,0.00,0.00,0.00,0.00,0.00,0.00%,0.00
4/12/23,0.00,0.00,0.00,0.00,0.00,0.00,0.00%,0.00
4/11/23,0.00,0.00,0.00,0.00,0.00,0.00,0.00%,0.00
4/10/23,0.00,0.00,0.00,0.00,0.00,0.00,0.00%,0.00
4/9/23,0.00,0.00,0.00,0.00,0.00,0.00,0.00%,0.00
4/8/23,0.00,0.00,0.00,0.00,0.00,0.00,0.00%,0.00
4/7/23,0.00,0.00,0.00,0.00,0.00,0.00,0.00%,0.00
4/6/23,0.00,0.00,0.00,0.00,0.00,0.00,0.00%,0.00
4/5/23,0.00,0.00,0.00,0.00,0.00,0.00,0.00%,0.00
4/4/23,0.00,0.00,0.00,0.00,0.00,0.00,0.00%,0.00
4/3/23,0.00,0.00,0.00,0.00,0.00,0.00,0.00%,0.00
4/2/23,0.00,0.00,0.00,0.00,0.00,0.00,0.00%,0.00
4/1/23,0.00,0.00,0.00,0.00,0.00,0.00,0.00%,0.00
3/31/23,0.00,0.00,0.00,0.00,0.00,0.00,0.00%,0.00
3/30/23,0.00,0.00,0.00,0.00,0.00,0.00,0.00%,0.00
3/29/23,0.00,0.00,0.00,0.00,0.00,0.00,0.00%,0.00
3/28/23,0.00,0.00,0.00,0.00,0.00,0.00,0.00%,0.00
3/27/23,0.00,0.00,0.00,0.00,0.00,0.00,0.00%,0.00
3/26/23,0.00,0.00,0.00,0.00,0.00,0.00,0.00%,0.00
3/25/23,0.00,0.00,0.00,0.00,0.00,0.00,0.00%,0.00
3/24/23,8210.00,0.00,0.00,8210.00,656.26,7553.74,92.01%,0.00
3/23/23,480.00,0.00,0.00,480.00,0.00,480.00,100.00%,0.00
3/22/23,0.00,0.00,0.00,0.00,0.00,0.00,0.00%,0.00
3/21/23,0.00,0.00,0.00,0.00,0.00,0.00,0.00%,0.00
3/20/23,0.00,0.00,0.00,0.00,0.00,0.00,0.00%,0.00
3/19/23,0.00,0.00,0.00,0.00,0.00,0.00,0.00%,0.00
3/18/23,0.00,0.00,0.00,0.00,0.00,0.00,0.00%,0.00
3/17/23,0.00,0.00,0.00,0.00,0.00,0.00,0.00%,0.00
3/16/23,0.00,0.00,0.00,0.00,0.00,0.00,0.00%,0.00
3/15/23,0.00,0.00,0.00,0.00,0.00,0.00,0.00%,0.00
3/14/23,0.00,0.00,0.00,0.00,0.00,0.00,0.00%,0.00
3/13/23,0.00,0.00,0.00,0.00,0.00,0.00,0.00%,0.00
3/12/23,0.00,0.00,0.00,0.00,0.00,0.00,0.00%,0.00
3/11/23,0.00,0.00,0.00,0.00,0.00,0.00,0.00%,0.00
3/10/23,0.00,0.00,0.00,0.00,0.00,0.00,0.00%,0.00
3/9/23,0.00,0.00,0.00,0.00,0.00,0.00,0.00%,0.00
3/8/23,0.00,0.00,0.00,0.00,0.00,0.00,0.00%,0.00
3/7/23,0.00,0.00,0.00,0.00,0.00,0.00,0.00%,0.00
3/6/23,0.00,0.00,0.00,0.00,0.00,0.00,0.00%,0.00
3/5/23,0.00,0.00,0.00,0.00,0.00,0.00,0.00%,0.00
3/4/23,0.00,0.00,0.00,0.00,0.00,0.00,0.00%,0.00
3/3/23,0.00,0.00,0.00,0.00,0.00,0.00,0.00%,0.00
3/2/23,0.00,0.00,0.00,0.00,0.00,0.00,0.00%,0.00
3/1/23,0.00,0.00,0.00,0.00,0.00,0.00,0.00%,0.00
2/28/23,0.00,0.00,0.00,0.00,0.00,0.00,0.00%,0.00
2/27/23,0.00,0.00,0.00,0.00,0.00,0.00,0.00%,0.00
2/26/23,0.00,0.00,0.00,0.00,0.00,0.00,0.00%,0.00
2/25/23,0.00,0.00,0.00,0.00,0.00,0.00,0.00%,0.00
2/24/23,0.00,0.00,0.00,0.00,0.00,0.00,0.00%,0.00
2/23/23,0.00,0.00,0.00,0.00,0.00,0.00,0.00%,0.00
2/22/23,0.00,0.00,0.00,0.00,0.00,0.00,0.00%,0.00
2/21/23,0.00,0.00,0.00,0.00,0.00,0.00,0.00%,0.00
2/20/23,0.00,0.00,0.00,0.00,0.00,0.00,0.00%,0.00
2/19/23,0.00,0.00,0.00,0.00,0.00,0.00,0.00%,0.00
2/18/23,0.00,0.00,0.00,0.00,0.00,0.00,0.00%,0.00
2/17/23,0.00,0.00,0.00,0.00,0.00,0.00,0.00%,0.00
2/16/23,0.00,0.00,0.00,0.00,0.00,0.00,0.00%,0.00
2/15/23,0.00,0.00,0.00,0.00,0.00,0.00,0.00%,0.00
2/14/23,0.00,0.00,0.00,0.00,0.00,0.00,0.00%,0.00
2/13/23,0.00,0.00,0.00,0.00,0.00,0.00,0.00%,0.00
2/12/23,0.00,0.00,0.00,0.00,0.00,0.00,0.00%,0.00
2/11/23,0.00,0.00,0.00,0.00,0.00,0.00,0.00%,0.00
2/10/23,0.00,0.00,0.00,0.00,0.00,0.00,0.00%,0.00
2/9/23,0.00,0.00,0.00,0.00,0.00,0.00,0.00%,0.00
2/8/23,0.00,0.00,0.00,0.00,0.00,0.00,0.00%,0.00
2/7/23,0.00,0.00,0.00,0.00,0.00,0.00,0.00%,0.00
2/6/23,0.00,0.00,0.00,0.00,0.00,0.00,0.00%,0.00
2/5/23,0.00,0.00,0.00,0.00,0.00,0.00,0.00%,0.00
2/4/23,0.00,0.00,0.00,0.00,0.00,0.00,0.00%,0.00
2/3/23,0.00,0.00,0.00,0.00,0.00,0.00,0.00%,0.00
2/2/23,540.00,0.00,0.00,540.00,0.00,540.00,100.00%,0.00
2/1/23,0.00,0.00,0.00,0.00,0.00,0.00,0.00%,0.00
1/31/23,0.00,0.00,0.00,0.00,0.00,0.00,0.00%,0.00
1/30/23,1280.00,0.00,0.00,1280.00,0.00,1280.00,100.00%,0.00
1/29/23,0.00,0.00,0.00,0.00,0.00,0.00,0.00%,0.00
1/28/23,0.00,0.00,0.00,0.00,0.00,0.00,0.00%,0.00
1/27/23,0.00,0.00,0.00,0.00,0.00,0.00,0.00%,0.00
1/26/23,0.00,0.00,0.00,0.00,0.00,0.00,0.00%,0.00
1/25/23,0.00,0.00,0.00,0.00,0.00,0.00,0.00%,0.00
1/24/23,0.00,0.00,0.00,0.00,0.00,0.00,0.00%,0.00
1/23/23,0.00,0.00,0.00,0.00,0.00,0.00,0.00%,0.00
1/22/23,0.00,0.00,0.00,0.00,0.00,0.00,0.00%,0.00
1/21/23,0.00,0.00,0.00,0.00,0.00,0.00,0.00%,0.00
1/20/23,0.00,0.00,0.00,0.00,0.00,0.00,0.00%,0.00
1/19/23,0.00,0.00,0.00,0.00,0.00,0.00,0.00%,0.00
1/18/23,0.00,0.00,0.00,0.00,0.00,0.00,0.00%,0.00
1/17/23,0.00,0.00,0.00,0.00,0.00,0.00,0.00%,0.00
1/16/23,0.00,0.00,0.00,0.00,0.00,0.00,0.00%,0.00
1/15/23,0.00,0.00,0.00,0.00,0.00,0.00,0.00%,0.00
1/14/23,0.00,0.00,0.00,0.00,0.00,0.00,0.00%,0.00
1/13/23,0.00,0.00,0.00,0.00,0.00,0.00,0.00%,0.00
1/12/23,0.00,0.00,0.00,0.00,0.00,0.00,0.00%,0.00
1/11/23,0.00,0.00,0.00,0.00,0.00,0.00,0.00%,0.00
1/10/23,0.00,0.00,0.00,0.00,0.00,0.00,0.00%,0.00
1/9/23,0.00,0.00,0.00,0.00,0.00,0.00,0.00%,0.00
1/8/23,0.00,0.00,0.00,0.00,0.00,0.00,0.00%,0.00
1/7/23,0.00,0.00,0.00,0.00,0.00,0.00,0.00%,0.00
1/6/23,0.00,0.00,0.00,0.00,0.00,0.00,0.00%,0.00
1/5/23,0.00,0.00,0.00,0.00,0.00,0.00,0.00%,0.00
1/4/23,0.00,0.00,0.00,0.00,0.00,0.00,0.00%,0.00
1/3/23,0.00,0.00,0.00,0.00,0.00,0.00,0.00%,0.00
1/2/23,0.00,0.00,0.00,0.00,0.00,0.00,0.00%,0.00
